<record><leader>00000cas a22000007a 4500</leader><controlfield tag="001">17891774</controlfield><controlfield tag="008">880504u19uuuuuutxuwr ne      0    0eng d</controlfield><datafield ind1=" " ind2=" " tag="010"><subfield code="a">sn 88083403 </subfield></datafield><datafield ind1=" " ind2=" " tag="040"><subfield code="a">PPM</subfield><subfield code="b">eng</subfield><subfield code="c">PPM</subfield><subfield code="d">OCLCQ</subfield></datafield><datafield ind1=" " ind2=" " tag="042"><subfield code="a">msc</subfield></datafield><datafield ind1="0" ind2="4" tag="245"><subfield code="a">The New Braunfels news.</subfield></datafield><datafield ind1=" " ind2=" " tag="260"><subfield code="a">New Braunfels, Tex. :</subfield><subfield code="b">John C. Taylor</subfield></datafield><datafield ind1=" " ind2=" " tag="310"><subfield code="a">Weekly</subfield></datafield><datafield ind1=" " ind2=" " tag="588"><subfield code="a">Description based on: Vol. 4, no. 9 (Feb. 26, 1964).</subfield></datafield><datafield ind1=" " ind2=" " tag="752"><subfield code="a">United States</subfield><subfield code="b">Texas</subfield><subfield code="c">Comal</subfield><subfield code="d">New Braunfels.</subfield></datafield><datafield ind1="0" ind2="0" tag="780"><subfield code="t">Town and country weekly news</subfield></datafield><datafield ind1="1" ind2=" " tag="029"><subfield code="a">AU@</subfield><subfield code="b">000025799209</subfield></datafield></record>